<?xml version="1.0" encoding="UTF-8"?><record xmlns="http://www.loc.gov/MARC21/slim" xmlns:cinclude="http://apache.org/cocoon/include/1.0" xmlns:zs="http://www.loc.gov/zing/srw/">
  <leader>00469nz  a2200133n  4500</leader>
  <controlfield tag="001">n  97072030 </controlfield>
  <controlfield tag="003">DLC</controlfield>
  <controlfield tag="005">19970717071348.5</controlfield>
  <controlfield tag="008">970717n| acannaab|          |n aaa |||  </controlfield>
  <datafield tag="010" ind1=" " ind2=" ">
    <subfield code="a">n  97072030 </subfield>
  </datafield>
  <datafield tag="040" ind1=" " ind2=" ">
    <subfield code="a">DLC</subfield>
    <subfield code="c">DLC</subfield>
  </datafield>
  <datafield tag="100" ind1="1" ind2="0">
    <subfield code="a">Sasaki, Takuji,</subfield>
    <subfield code="d">1947-</subfield>
  </datafield>
  <datafield tag="670" ind1=" " ind2=" ">
    <subfield code="a">Orzya, 1997:</subfield>
    <subfield code="b">CIP t.p. (Takuji Sasaki)</subfield>
  </datafield>
  <datafield tag="670" ind1=" " ind2=" ">
    <subfield code="a">Kenkyūsha sōran, shizen, 1990:</subfield>
    <subfield code="b">p. 5851 (Sasaki Takuji; b. Jan. 2, 1947; D.Sc.; mem., Nihon Seikagakkai; Nihon Nōgei Kagakkai; asst., Nagoya Daigaku)</subfield>
  </datafield>
</record>